@book{主参考书,
    author      = "拉扎维",
    translator  = "陈贵灿 and 程军 and 张瑞智 and 张鸿",
    title       = "模拟CMOS集成电路设计",
    edition     = 2,
    year        = 2018,
    isbn        = "978-7-5693-0992-8",
    publisher   = "西安交通大学出版社",
    address     = "西安"
}